[gd_scene load_steps=7 format=2]

[ext_resource path="res://resources/Text Dialogue Theme.tres" type="Theme" id=1]
[ext_resource path="res://scripts/End.gd" type="Script" id=2]
[ext_resource path="res://assets/Player/idle 1.png" type="Texture" id=3]
[ext_resource path="res://assets/Goddess/Goddess.png" type="Texture" id=4]
[ext_resource path="res://assets/prstart.ttf" type="DynamicFontData" id=5]

[sub_resource type="DynamicFont" id=1]
font_data = ExtResource( 5 )

[node name="End" type="Node2D"]

[node name="Polygon2D" type="Polygon2D" parent="."]
position = Vector2( -752, -48 )
scale = Vector2( 4.26667, 1 )
polygon = PoolVector2Array( 176, 48, 176, 656, 296, 656, 416, 656, 416, 48 )

[node name="DialogBox" type="Polygon2D" parent="."]
position = Vector2( -1696, -528 )
scale = Vector2( 13.75, 2 )
color = Color( 0.411765, 0.403922, 0.403922, 1 )
polygon = PoolVector2Array( 128, 464, 128, 544, 193.164, 544, 193.164, 464 )

[node name="Text" type="RichTextLabel" parent="."]
margin_left = 176.0
margin_top = 432.0
margin_right = 928.0
margin_bottom = 528.0
theme = ExtResource( 1 )
bbcode_enabled = true
script = ExtResource( 2 )

[node name="Timer" type="Timer" parent="."]
wait_time = 0.05
autostart = true

[node name="Player" type="Sprite" parent="."]
position = Vector2( 112, 464 )
scale = Vector2( 2, 2 )
texture = ExtResource( 3 )

[node name="Goddess" type="Sprite" parent="."]
position = Vector2( 114, 484 )
scale = Vector2( 1.1, 1.1 )
texture = ExtResource( 4 )

[node name="Label" type="Label" parent="."]
visible = false
margin_left = 736.0
margin_top = 576.0
margin_right = 1024.0
margin_bottom = 606.0
custom_fonts/font = SubResource( 1 )
custom_colors/font_color = Color( 0, 0, 0, 1 )
text = "To be continued..."

[node name="The End" type="Timer" parent="."]
wait_time = 3.0
one_shot = true
[connection signal="timeout" from="Timer" to="Text" method="_on_Timer_timeout"]
[connection signal="timeout" from="The End" to="Text" method="_on_The_End_timeout"]
