[gd_scene load_steps=37 format=2]

[ext_resource path="res://scripts/Minotaur.gd" type="Script" id=1]
[ext_resource path="res://assets/Minotaur/idle 1.png" type="Texture" id=2]
[ext_resource path="res://assets/Minotaur/idle 2.png" type="Texture" id=3]
[ext_resource path="res://assets/Minotaur/idle 3.png" type="Texture" id=4]
[ext_resource path="res://assets/Minotaur/idle 4.png" type="Texture" id=5]
[ext_resource path="res://assets/Minotaur/idle 5.png" type="Texture" id=6]
[ext_resource path="res://assets/Minotaur/dead 1.png" type="Texture" id=7]
[ext_resource path="res://assets/Minotaur/dead 2.png" type="Texture" id=8]
[ext_resource path="res://assets/Minotaur/dead 3.png" type="Texture" id=9]
[ext_resource path="res://assets/Minotaur/dead 4.png" type="Texture" id=10]
[ext_resource path="res://assets/Minotaur/dead 5.png" type="Texture" id=11]
[ext_resource path="res://assets/Minotaur/dead 6.png" type="Texture" id=12]
[ext_resource path="res://assets/Minotaur/damaged 1.png" type="Texture" id=13]
[ext_resource path="res://assets/Minotaur/damaged 2.png" type="Texture" id=14]
[ext_resource path="res://assets/Minotaur/damaged 3.png" type="Texture" id=15]
[ext_resource path="res://assets/Minotaur/move 1.png" type="Texture" id=16]
[ext_resource path="res://assets/Minotaur/move 2.png" type="Texture" id=17]
[ext_resource path="res://assets/Minotaur/move 3.png" type="Texture" id=18]
[ext_resource path="res://assets/Minotaur/move 4.png" type="Texture" id=19]
[ext_resource path="res://assets/Minotaur/move 5.png" type="Texture" id=20]
[ext_resource path="res://assets/Minotaur/move 6.png" type="Texture" id=21]
[ext_resource path="res://assets/Minotaur/move 7.png" type="Texture" id=22]
[ext_resource path="res://assets/Minotaur/move 8.png" type="Texture" id=23]
[ext_resource path="res://assets/Minotaur/attack 1.png" type="Texture" id=24]
[ext_resource path="res://assets/Minotaur/attack 2.png" type="Texture" id=25]
[ext_resource path="res://assets/Minotaur/attack 3.png" type="Texture" id=26]
[ext_resource path="res://assets/Minotaur/attack 4.png" type="Texture" id=27]
[ext_resource path="res://assets/Minotaur/attack 5.png" type="Texture" id=28]
[ext_resource path="res://assets/Minotaur/attack 6.png" type="Texture" id=29]
[ext_resource path="res://assets/Minotaur/attack 7.png" type="Texture" id=30]
[ext_resource path="res://assets/Minotaur/attack 8.png" type="Texture" id=31]
[ext_resource path="res://assets/Minotaur/attack 9.png" type="Texture" id=32]

[sub_resource type="SpriteFrames" id=1]
animations = [ {
"frames": [ ExtResource( 2 ), ExtResource( 3 ), ExtResource( 4 ), ExtResource( 5 ), ExtResource( 6 ) ],
"loop": true,
"name": "idle",
"speed": 5.0
}, {
"frames": [ ExtResource( 7 ), ExtResource( 8 ), ExtResource( 9 ), ExtResource( 10 ), ExtResource( 11 ), ExtResource( 12 ) ],
"loop": false,
"name": "dead",
"speed": 5.0
}, {
"frames": [ ExtResource( 13 ), ExtResource( 14 ), ExtResource( 15 ) ],
"loop": true,
"name": "damaged",
"speed": 5.0
}, {
"frames": [ ExtResource( 16 ), ExtResource( 17 ), ExtResource( 18 ), ExtResource( 19 ), ExtResource( 20 ), ExtResource( 21 ), ExtResource( 22 ), ExtResource( 23 ) ],
"loop": true,
"name": "move",
"speed": 5.0
}, {
"frames": [ ExtResource( 24 ), ExtResource( 25 ), ExtResource( 26 ), ExtResource( 27 ), ExtResource( 28 ), ExtResource( 29 ), ExtResource( 30 ), ExtResource( 31 ), ExtResource( 32 ) ],
"loop": true,
"name": "attack",
"speed": 5.0
} ]

[sub_resource type="RectangleShape2D" id=2]
extents = Vector2( 24, 56 )

[sub_resource type="RectangleShape2D" id=3]
extents = Vector2( 88, 24 )

[sub_resource type="RectangleShape2D" id=4]
extents = Vector2( 32, 24 )

[node name="Minotaur Monster" type="KinematicBody2D"]
position = Vector2( 1408, 352 )
scale = Vector2( 2, 2 )
script = ExtResource( 1 )

[node name="AnimatedSprite" type="AnimatedSprite" parent="."]
position = Vector2( -16, -16 )
scale = Vector2( 1.04918, 1.06667 )
frames = SubResource( 1 )
animation = "idle"

[node name="CollisionShape2D" type="CollisionShape2D" parent="."]
position = Vector2( -16, -48 )
shape = SubResource( 2 )

[node name="Awareness" type="Area2D" parent="."]
position = Vector2( -16, -16 )
space_override = 3
__meta__ = {
"_edit_group_": true
}

[node name="CollisionShape2D" type="CollisionShape2D" parent="Awareness"]
shape = SubResource( 3 )

[node name="Attack" type="Area2D" parent="."]
position = Vector2( -16, -16 )
space_override = 3
__meta__ = {
"_edit_group_": true
}

[node name="CollisionShape2D" type="CollisionShape2D" parent="Attack"]
shape = SubResource( 4 )

[node name="AttackAnimation" type="Timer" parent="."]
one_shot = true
[connection signal="body_entered" from="Awareness" to="." method="_on_Awareness_body_entered"]
[connection signal="body_exited" from="Awareness" to="." method="_on_Awareness_body_exited"]
[connection signal="body_entered" from="Attack" to="." method="_on_Attack_body_entered"]
[connection signal="timeout" from="AttackAnimation" to="." method="_on_AttackAnimation_timeout"]
