[gd_scene load_steps=17 format=2]

[ext_resource path="res://scripts/Player.gd" type="Script" id=1]
[ext_resource path="res://assets/Player/idle 1.png" type="Texture" id=2]
[ext_resource path="res://assets/Player/idle 2.png" type="Texture" id=3]
[ext_resource path="res://assets/Player/idle 3.png" type="Texture" id=4]
[ext_resource path="res://assets/Player/idle 4.png" type="Texture" id=5]
[ext_resource path="res://assets/Player/defend 4.png" type="Texture" id=6]
[ext_resource path="res://assets/Player/run 1.png" type="Texture" id=7]
[ext_resource path="res://assets/Player/run 2.png" type="Texture" id=8]
[ext_resource path="res://assets/Player/run 3.png" type="Texture" id=9]
[ext_resource path="res://assets/Player/run 4.png" type="Texture" id=10]
[ext_resource path="res://assets/Player/jump.png" type="Texture" id=11]
[ext_resource path="res://assets/Player/damage.png" type="Texture" id=12]
[ext_resource path="res://assets/Player/fall.png" type="Texture" id=13]

[sub_resource type="SpriteFrames" id=1]
animations = [ {
"frames": [ ExtResource( 2 ), ExtResource( 3 ), ExtResource( 4 ), ExtResource( 5 ) ],
"loop": true,
"name": "idle",
"speed": 5.0
}, {
"frames": [ ExtResource( 6 ) ],
"loop": true,
"name": "defend",
"speed": 5.0
}, {
"frames": [ ExtResource( 7 ), ExtResource( 8 ), ExtResource( 9 ), ExtResource( 10 ) ],
"loop": true,
"name": "run",
"speed": 10.0
}, {
"frames": [ ExtResource( 11 ) ],
"loop": true,
"name": "jump",
"speed": 5.0
}, {
"frames": [ ExtResource( 12 ) ],
"loop": true,
"name": "damaged",
"speed": 5.0
}, {
"frames": [ ExtResource( 13 ) ],
"loop": true,
"name": "fall",
"speed": 5.0
} ]

[sub_resource type="CapsuleShape2D" id=2]
radius = 21.7636
height = 55.6386

[sub_resource type="RectangleShape2D" id=3]
extents = Vector2( 32, 48 )

[node name="Player" type="KinematicBody2D"]
position = Vector2( 80, 272 )
z_index = 1
script = ExtResource( 1 )

[node name="AnimatedSprite" type="AnimatedSprite" parent="."]
scale = Vector2( 2, 2 )
frames = SubResource( 1 )
animation = "defend"

[node name="CollisionShape2D" type="CollisionShape2D" parent="."]
position = Vector2( 0, 16 )
shape = SubResource( 2 )

[node name="Camera2D" type="Camera2D" parent="."]
current = true
limit_left = 0
limit_top = 0
limit_bottom = 450

[node name="Timer" type="Timer" parent="."]
wait_time = 0.25

[node name="Attacker" type="Area2D" parent="."]

[node name="CollisionShape2D" type="CollisionShape2D" parent="Attacker"]
position = Vector2( 0, 16 )
shape = SubResource( 3 )

[node name="AfterDeath" type="Timer" parent="."]
one_shot = true
[connection signal="timeout" from="Timer" to="." method="_on_Timer_timeout"]
[connection signal="body_entered" from="Attacker" to="." method="_on_Attacker_body_entered"]
[connection signal="timeout" from="AfterDeath" to="." method="_on_AfterDeath_timeout"]
